% This file was created with JabRef 2.10.
% Encoding: UTF8


@Article{ipys,
  Title                    = {IP网络中的拥塞控制},
  Author                   = {任丰原 and 林闯 and 刘卫东},
  Journal                  = {计算机学报},
  Year                     = {2003},

  Month                    = {Sept},
  Number                   = {9},
  Pages                    = {pp 1025-1034},
  Volume                   = {26},

  Abstract                 = {以拥塞控制机制演化的历史为线索 ,回顾了IP网络中已有的拥塞控制技术 ;总结了TCP流量控制、端到端流量控制和中间节点增强机制等各研究子方向中需要解决的问题 ;重点分析了主动队列管理这一热点领域中已有策略和算法的优缺点 ,并在此基础上 ,归纳和阐述了大多数算法所采用的启发式设计加仿真试验验证的模式存在的不足 ;提出了应用控制理论中的分析和设计方法研究网络拥塞控制的思路 ,并给出几个有意义的研究方向},
  Crossref                 = {拥塞控制; 流量控制; 主动队列管理; 控制理论;},
  File                     = {:C\:\\Users\\dingyuan.ORG.000\\OneDrive - Dingyuan.Hu\\BUPT\\GraduationThesis\\参考文献\\IP网络中的拥塞控制_任丰原.pdf:PDF},
  Language                 = {zh-CN},
  Owner                    = {dingyuan},
  Timestamp                = {2015.02.27}
}
